@article{greenwade93,
    author  = "George D. Greenwade",
    title   = "The {C}omprehensive {T}ex {A}rchive {N}etwork ({CTAN})",
    year    = "1993",
    journal = "TUGBoat",
    volume  = "14",
    number  = "3",
    pages   = "342--351"
}

@book{matthews2001aeronautical,
  title={Aeronautical engineer's data book},
  author={Matthews, Cliff},
  year={2001},
  publisher={Elsevier}
}
